@article{del2011representacion,
  title={La representación Denavit-Hasatenberg.},
  author={Cortés Parejo José},
  journal={personal.us.es},
  pages={12},
  year={2008}