@incollection{joseph2018kick,
  title={Kick-Starting Robot Programming Using ROS},
  author={Joseph, Lentin},
  booktitle={Robot Operating System (ROS) for Absolute Beginners},
  pages={127--170},
  year={2018},
  publisher={Springer}
}
@article{de2006robotica,
  title={Rob{\'o}tica: Estado del arte},
  author={de Garibay Pascual, Jonathan Ruiz},
  journal={Universidad de Deuston. N{\'u}mero. Fecha},
  pages={54},
  year={2006}
}
@book{baturone2005robotica,
  title={Rob{\'o}tica: manipuladores y robots m{\'o}viles},
  author={Baturone, An{\'\i}bal Ollero},
  year={2005},
  publisher={Marcombo}
}
@article{hayes2002singular,
  title={Singular configurations of wrist-partitioned 6R serial robots: A geometric perspective for users},
  author={Hayes, MJD and Husty, ML and Zsombor-Murray, PJ},
  journal={Transactions of the Canadian Society for Mechanical Engineering},
  volume={26},
  number={1},
  pages={41--55},
  year={2002},
  publisher={NRC Research Press}
}
@article{angeles1992kinematic,
  title={Kinematic isotropy and the conditioning index of serial robotic manipulators},
  author={Angeles, Jorge and L{\'o}pez-Caj{\'u}n, Carlos S},
  journal={The International Journal of Robotics Research},
  volume={11},
  number={6},
  pages={560--571},
  year={1992},
  publisher={Sage Publications Sage CA: Thousand Oaks, CA}
}